<?xml version="1.0" encoding="UTF-8"?><collection xmlns="http://www.loc.gov/MARC21/slim"><record><leader>00531nam--2200181-i-4500</leader><controlfield tag="001">000010591</controlfield><controlfield tag="002">20161230</controlfield><controlfield tag="005">20170126234437</controlfield><controlfield tag="008">060222s1000------------r-----000-0-eng-d</controlfield><datafield ind1=" " ind2=" " tag="080"><subfield code="a">541.14:535.37</subfield></datafield><datafield ind1=" " ind2=" " tag="100"><subfield code="a">Bark, L. S</subfield></datafield><datafield ind1=" " ind2=" " tag="245"><subfield code="a">Photoluminiscence and chemiluminiscence in inorganic analysis</subfield></datafield><datafield ind1=" " ind2=" " tag="260"><subfield code="a">London</subfield><subfield code="b">The Society For Analytical Chemistry</subfield><subfield code="c">1971</subfield></datafield><datafield ind1=" " ind2=" " tag="300"><subfield code="a">p.421-1333</subfield></datafield><datafield ind1=" " ind2=" " tag="490"><subfield code="a">Selected Annual Review Of The Analytical Sciences</subfield></datafield><datafield ind1=" " ind2=" " tag="700"><subfield code="a">Wood, P. R</subfield></datafield><datafield ind1=" " ind2=" " tag="852"><subfield code="a">38321</subfield></datafield><datafield ind1=" " ind2=" " tag="CAT"><subfield code="a">SYS</subfield><subfield code="c">20170126</subfield><subfield code="h">234437</subfield></datafield></record></collection>